@Manual{citeR,
    title = {R: A Language and Environment for Statistical Computing},
    author = {{R Core Team}},
    organization = {R Foundation for Statistical Computing},
    address = {Vienna, Austria},
    year = {2022},
    url = {https://www.R-project.org/},
  }

@Book{citeSeaver,
    author = {Seaver, Nick},
    title = {"Computing Taste:Algorithms and the Makers of Music Recommendation"},
    publisher = {University of Chicago Press},
    year = {2022},
    address = {Chicago and London},
    isbn = {9780226822976},
}


@Article{citetidyverse,
    title = {Welcome to the tidyverse},
    author = {Hadley Wickham and Mara Averick and Jennifer Bryan and Winston Chang and Lucy D'Agostino McGowan and Romain François and Garrett Grolemund and Alex Hayes and Lionel Henry and Jim Hester and Max Kuhn and Thomas Lin Pedersen and Evan Miller and Stephan Milton Bache and Kirill Müller and Jeroen Ooms and David Robinson and Dana Paige Seidel and Vitalie Spinu and Kohske Takahashi and Davis Vaughan and Claus Wilke and Kara Woo and Hiroaki Yutani},
    year = {2019},
    journal = {Journal of Open Source Software},
    volume = {4},
    number = {43},
    pages = {1686},
    doi = {10.21105/joss.01686},
  }

@Manual{citeSpotify,
    title = {spotifyr: R Wrapper for the 'Spotify' Web API},
    author = {Charlie Thompson and Daniel Antal and Josiah Parry and Donal Phipps and Tom Wolff},
    year = {2022},
    note = {R package version 2.2.4},
    url = {https://CRAN.R-project.org/package=spotifyr},
  }

@misc{citewiki,
  author = "Wikipedia",
  title = "Jack Antonoff production discography --- {W}ikipedia{,} The Free Encyclopedia",
  year = "2023",
  url = "https://en.wikipedia.org/wiki/Jack_Antonoff_production_discography",
  note = "[Online; accessed 18-April-2023]"
}  

@misc{citegammanint,
  author = {Gamman, Caleb},
  title = {Interview conducted by Michaela Drouillard on 23 March 2023},
  month = {March},
  year = {2023}
}

@Article{podstyle,
  author={Katariina Martikainen and Jussi Karlgren and Khiet Truong},
  title={Exploring audio-based stylistic variation in podcasts},
  year=2022,
  booktitle={Proc. Interspeech 2022},
  pages={2343--2347},
  doi={10.21437/Interspeech.2022-10871}
}

@misc{citeglenint,
  author = {McDonald, Glen},
  title = {Interview conducted by Michaela Drouillard on 11 April 2023},
  month = {April},
  year = {2023}
}


@Book{citeggplot,
    author = {Hadley Wickham},
    title = {ggplot2: Elegant Graphics for Data Analysis},
    publisher = {Springer-Verlag New York},
    year = {2016},
    isbn = {978-3-319-24277-4},
    url = {https://ggplot2.tidyverse.org},
  }

@Manual{citetidymodels,
    title = {Tidymodels: a collection of packages for modeling and machine learning using tidyverse principles.},
    author = {Max Kuhn and Hadley Wickham},
    url = {https://www.tidymodels.org},
    year = {2020},
  }  

@Manual{citeknitr,
    title = {knitr: A General-Purpose Package for Dynamic Report
      Generation in R},
    author = {Yihui Xie},
    year = {2023},
    note = {R package version 1.42},
    url = {https://yihui.org/knitr/},
  }

@article{citeRosen,
  title="Jack Antonoff is Only Making Music With Friends",
  author= "Rosen, Jody",
  journal="The New York Times Magazine",
  year=2020,
  month=March,
  url="https://www.nytimes.com/interactive/2020/03/11/magazine/jack-antonoff-profile.html",
}


@article{citeMarantz,
  title="Jack Antonoff’s Pop-Music Collaboration Machine",
  author= "Marantz, Andrew",
  journal="The New Yorker",
  year=2022,
  month=May,
  url={https://www.newyorker.com/magazine/2022/05/23/jack-antonoff-pop-music-collaboration-lorde-taylor-swift},
}

@online{citeSilge,
author = "Silge, Julia",
title = "To downsample imbalanced data or not, with #TidyTuesday bird feeders",
year = "2023",
month = "January",
day = "18",
url = {https://juliasilge.com/blog/project-feederwatch/},
organization = "Julia Silge",
}

@misc{citeTweet,
author = "@calebgamman",
title = "im able to instantly detect if jack antonoff worked on a song due to a visceral hatred of his production style",
year = "2022",
month = "October",
day = "21",
url = "https://twitter.com/calebgamman/status/1583474726797979649",
}

@article{citeWilson,
author = "Wilson, Carl",
title = "The Real Reason the Internet Hates Jack Antonoff",
journal="Slate",
year = "2023",
month = "November",
url = "https://slate.com/culture/2023/11/taylor-swift-producer-jack-antonoff-1989-taylors-version.html"}

@audio{citeGamman,
author = "Gamman, Caleb",
title = "The Internet's Top Jack Antonoff Hater DESTROYED",
year = "2022",
month = "November",
url = "https://www.youtube.com/watch?v=cG175pQYMxA&ab_channel=calebgamman",
}

@misc{citeSpotifyDocumentation,
  author = "Spotify",
  title = "Get Track's Audio Features",
  howpublished = "https://developer.spotify.com/documentation/web-api/reference/get-audio-features",
  note = {Accessed: April 19, 2023}
}

@book{citehastie,
  title={The Elements of Statistical Learning},
  author={Hastie, Trevor and Tibshirani, Robert and Friedman, Jerome},
  series={Springer Series in Statistics},
  year={2009},
  publisher={Springer},
  address={New York, NY},
  chapter={Random Forests},
  doi={10.1007/978-0-387-84858-7_15},
}

@article{dannenberg,
author = {Dannenberg, Roger},
year = {2010},
month = {05},
pages = {},
title = {Style in Music},
isbn = {978-3-642-12336-8},
journal = {The Structure of Style, ISBN 978-3-642-12336-8. Springer-Verlag Berlin Heidelberg, 2010, p. 45},
doi = {10.1007/978-3-642-12337-5_3}
}

@book{cope,
  title={Computers and Musical Style},
  author={Cope, D.},
  volume={6},
  series={The Computer Music and Digital Audio Series},
  publisher={A-R Editions},
  address={Middleton, WI},
  year={1991}
}
  
@Article{citeRanger,
    title = {{ranger}: A Fast Implementation of Random Forests for High
      Dimensional Data in {C++} and {R}},
    author = {Marvin N. Wright and Andreas Ziegler},
    journal = {Journal of Statistical Software},
    year = {2017},
    volume = {77},
    number = {1},
    pages = {1--17},
    doi = {10.18637/jss.v077.i01},
  }  
  
  
@article{citePareles,
  title="Wallops of Exuberance With Traces of Yearning",
  author= "Pareles, John",
  journal="The New York Times",
  year=2014,
  month=Sep,
  url={https://www.nytimes.com/2014/09/06/arts/music/jack-antonoff-tweaks-his-jersey-roots-in-bleachers.html},
}

@article{citeHorn,
  title="Jack Antonoff Doesn’t Want to Just Take Up Space",
  author= "Horn, Olivia",
  journal="The New York Times",
  year=2021,
  month=July,
  url={https://www.nytimes.com/2021/07/22/arts/music/jack-antonoff-favorites.html},
}